<record><leader>00000cas a22000007a 4500</leader><controlfield tag="001">12788034</controlfield><controlfield tag="008">851113c19859999msudr ne      0   a0eng d</controlfield><datafield ind1=" " ind2=" " tag="010"><subfield code="a">sn 86074002 </subfield></datafield><datafield ind1=" " ind2=" " tag="040"><subfield code="a">MFM</subfield><subfield code="b">eng</subfield><subfield code="c">MFM</subfield><subfield code="d">MSJ</subfield><subfield code="d">NVF</subfield><subfield code="d">DLC</subfield><subfield code="d">OCLCF</subfield></datafield><datafield ind1=" " ind2=" " tag="022"><subfield code="y">0121-290X</subfield></datafield><datafield ind1="1" ind2=" " tag="029"><subfield code="a">AU@</subfield><subfield code="b">000020432695</subfield></datafield><datafield ind1="1" ind2=" " tag="029"><subfield code="a">NZ1</subfield><subfield code="b">16071940</subfield></datafield><datafield ind1=" " ind2=" " tag="042"><subfield code="a">msc</subfield></datafield><datafield ind1=" " ind2=" " tag="043"><subfield code="a">n-us-ms</subfield></datafield><datafield ind1="0" ind2="0" tag="050"><subfield code="a">Newspaper</subfield></datafield><datafield ind1="0" ind2=" " tag="130"><subfield code="a">Sun herald (Biloxi, Miss.)</subfield></datafield><datafield ind1="1" ind2="4" tag="245"><subfield code="a">The sun herald.</subfield></datafield><datafield ind1=" " ind2=" " tag="260"><subfield code="a">Biloxi, Miss. :</subfield><subfield code="b">Gulf Pub. Co.,</subfield><subfield code="c">1985-</subfield></datafield><datafield ind1=" " ind2=" " tag="300"><subfield code="a">v.</subfield></datafield><datafield ind1=" " ind2=" " tag="310"><subfield code="a">Daily</subfield></datafield><datafield ind1="0" ind2=" " tag="362"><subfield code="a">Vol. 102, no. 1 (Oct. 1, 1985)-</subfield></datafield><datafield ind1=" " ind2=" " tag="530"><subfield code="a">Also available on microfilm from Bell &amp; Howell Information and Learning.</subfield></datafield><datafield ind1=" " ind2=" " tag="580"><subfield code="a">Merger of: Sun (Biloxi, Miss.), and: Daily herald (Biloxi, Miss.).</subfield></datafield><datafield ind1=" " ind2="0" tag="651"><subfield code="a">Harrison County (Miss.)</subfield><subfield code="v">Newspapers.</subfield></datafield><datafield ind1=" " ind2="0" tag="651"><subfield code="a">Gulfport (Miss.)</subfield><subfield code="v">Newspapers.</subfield></datafield><datafield ind1=" " ind2="0" tag="651"><subfield code="a">Biloxi (Miss.)</subfield><subfield code="v">Newspapers.</subfield></datafield><datafield ind1=" " ind2="7" tag="655"><subfield code="a">Newspapers.</subfield><subfield code="2">fast</subfield><subfield code="0">(OCoLC)fst01423814</subfield></datafield><datafield ind1=" " ind2="7" tag="651"><subfield code="a">Mississippi</subfield><subfield code="z">Biloxi.</subfield><subfield code="2">fast</subfield><subfield code="0">(OCoLC)fst01208396</subfield></datafield><datafield ind1=" " ind2="7" tag="651"><subfield code="a">Mississippi</subfield><subfield code="z">Gulfport.</subfield><subfield code="2">fast</subfield><subfield code="0">(OCoLC)fst01221502</subfield></datafield><datafield ind1=" " ind2="7" tag="651"><subfield code="a">Mississippi</subfield><subfield code="z">Harrison County.</subfield><subfield code="2">fast</subfield><subfield code="0">(OCoLC)fst01221063</subfield></datafield><datafield ind1=" " ind2=" " tag="752"><subfield code="a">United States</subfield><subfield code="b">Mississippi</subfield><subfield code="c">Harrison</subfield><subfield code="d">Biloxi.</subfield></datafield><datafield ind1=" " ind2=" " tag="752"><subfield code="a">United States</subfield><subfield code="b">Mississippi</subfield><subfield code="c">Harrison</subfield><subfield code="d">Gulfport.</subfield></datafield><datafield ind1="1" ind2="4" tag="780"><subfield code="t">Sun (Biloxi, Miss.)</subfield><subfield code="w">(OCoLC)14516532</subfield><subfield code="w">(DLC)sn 86074017</subfield></datafield><datafield ind1="1" ind2="4" tag="780"><subfield code="t">Daily herald (Biloxi, Miss.)</subfield><subfield code="w">(OCoLC)10362366</subfield><subfield code="w">(DLC)sn 84020111</subfield></datafield><datafield ind1="4" ind2="1" tag="856"><subfield code="u">http://www.sunherald.com</subfield></datafield><datafield ind1=" " ind2=" " tag="936"><subfield code="a">Vol. 116, no. 123 (Jan. 31, 2000) LIC</subfield></datafield></record>